4320 5574
1027 216 1056 229 Ν

1030 378 1070 442 11

947 466 1158 478 -....---—

89 711 176 769 terea
200 705 305 783 0252,
330 700 435 768 Y188.

195 808 338 896 Denique
363 804 522 902 Q
546 801 818 891 (urdovorlsive
843 800 1103 897 Μαι]
1138 803 1234 868 fide
1271 803 1432 886 dignus
1467 804 1533 868 sive
1558 803 1650 869 lide
1675 826 1755 869 non
1779 805 2008 890 indignae,

83 921 285 1008 Stephanus:
323 922 373 987 ad
398 918 756 1005 persuadendum
781 897 1137 982 accommodatus
1161 917 1227 981 sive
1251 917 1556 1002 persuadendi
1580 917 1661 981 vim
1685 915 1867 997 babens,
1898 939 2008 985 ooeur·

88 1038 161 1093 runt
198 1029 230 1111 1)
263 1035 297 1093 ut
334 1033 442 1094 eatera
476 1025 567 1091 buius
603 1025 728 1108 generis
766 1023 926 1089 adieetira
959 1022 999 1087 de
1029 1021 1308 1089 lectionibus
1344 1024 1486 1089 variis
1522 1023 1616 1088 fide
1652 1024 1802 1106 dignis
1838 1032 1893 1090 aut
1927 1046 2008 1091 non

88 1136 253 1217 dignis:
289 1135 384 1199 5492
406 1134 439 1197 ἐκ
465 1127 639 1217 seispso]
664 1136 703 1195 Ζ.
727 1132 757 1205 ἐς
781 1127 973 1211 θαλάμους·
997 1136 1052 1193 καὶ
1075 1128 1163 1193 ἔστιν
1198 1128 1273 1197 οὐκ
1304 1129 1535 1203 ἀπίθανος
1570 1126 1739 1215 ηγραφή,·
1774 1131 1877 1198 simm.
1902 1135 2007 1214 5499,

88 1245 173 1308 n'12.
221 1241 414 1308 Adverbiom
451 1236 689 1313 ἀπιθάνως
726 1238 842 1321 legitur
874 1238 952 1301 1132
985 1236 1020 1299 ἐν
1053 1230 1374 1325 τηἈριστοηάνοος
1397 1281 1536 1299 .....
1559 1232 1620 1317 εἶχε
1645 1285 1784 1302 .....
1820 1239 1896 1304 οὐκ
1930 1239 2008 1304 ἁπι-

88 1348 211 1430 θάνοις,
236 1349 256 1411 i.
275 1370 320 1413 a:
344 1349 377 1413 in
403 1344 627 1431 Aristophanis
651 1346 791 1410 editione
827 1363 903 1408 non
926 1344 1012 1409 sino
1036 1342 1128 1409 fide
1158 1342 1312 1426 seriptum
1337 1347 1427 1406 erat:
1452 1343 1550 1408 11328
1574 1352 1628 1404 καὶ
1652 1339 1776 1425 μήποτε
1799 1342 2007 1424 πιθανῶς,

87 1473 130 1517 so.
154 1453 200 1534 poi
224 1473 281 1538 pro
306 1451 383 1535 βῶν,
409 1455 428 1518 i.
447 1473 474 1519 a.
499 1458 595 1538 atque
620 1452 704 1518 baud
727 1453 804 1530 seio,
829 1471 869 1515 an
893 1451 971 1516 fides
995 1449 1178 1515 silentioni
1206 1468 1266 1513 non
1291 1449 1478 1531 abroganda
1500 1450 1543 1514 sit

194 1561 228 1642 2)
253 1570 287 1625 ut
316 1561 522 1626 atbetesis
551 1558 736 1624 firmetur
760 1558 858 1623 (11291
883 1554 1060 1638 niderosten,
1085 1553 1154 1618 ὅτι
1180 1554 1202 1621 οἷ
1212 1563 1260 1619 πί
1269 1560 1418 1619 {lavor
1440 1561 1483 1629 εἰς
1499 1552 1620 1637 ἄνδρας
1641 1578 1772 1640 μορηην
1795 1556 2005 1640 ὠμοιοηιένον

87 1666 189 1744 λέγειν
212 1666 292 1749 ,,ἐηο“ι
314 1674 369 1729 καὶ
392 1664 529 1740 Παλλὰς
549 1663 708 1748 ’Λθήνηῆ
734 1669 780 1738 τίς
803 1660 864 1745 γάρ
886 1661 1047 1744 ἕστιν,·οιί
1069 1660 1113 1744 μη
1136 1659 1245 1750 νοήση.
1294 1657 1436 1726 Offendit
1458 1662 1555 1744 igitur
1582 1661 1755 1728 scholiasta
1779 1662 1810 1726 iu
1834 1682 1883 1740 eb,
1920 1663 2003 1749 quod

87 1780 184 1858 poeta
218 1793 329 1838 versus
364 1773 582 1838 antecedentis
616 1769 826 1856 ἐπιταρρόθω
862 1768 1004 1854 explieat
1037 1789 1096 1854 per
1130 1768 1399 1852 ,,ἐ.κ.11.“Α.“,
1434 1768 1467 1834 id
1503 1777 1608 1835 autem
1641 1770 1721 1835 adeo
1745 1789 1808 1834 non
1833 1790 1903 1835 osse
1930 1790 2002 1855 pro·

88 1880 237 1960 bandum,
262 1887 296 1945 ut
320 1900 444 1946 versum
468 1880 646 1945 eiciendum
671 1879 812 1945 denotet.

194 1986 228 2053 3l
252 1988 291 2051 de
315 1985 481 2052 verborum
506 1985 860 2070 interpretatione
885 1983 969 2048 fide
995 1984 1120 2066 digna
1143 1983 1238 2050 Asos
1260 1979 1393 2069 πόλεας]
1417 1981 1600 2047 πιθανὸν
1623 1978 1682 2050 οὖν
1704 1983 1792 2048 ἐστὶν
1814 1982 2006 2065 ἐκδέχεσθαι

86 2090 210 2157 ἐνθάδε
232 2094 285 2158 ἐπὶ
309 2089 375 2155 τών
397 2090 524 2156 πόλεων
546 2090 584 2155 τὸ
607 2089 858 2176 σημαινόμενον,
891 2091 961 2154 ἐπεὶ
986 2098 1040 2155 καὶ
1063 2095 1167 2171 τείχεα
1192 2090 1352 2171 ἐπιη·έρει;
1387 2089 1403 2153 1
1410 2091 1481 2155 ide
1519 2091 1700 2174 dignius
1736 2098 1786 2157 est
1821 2090 1879 2156 hoc
1914 2110 2008 2156 voca·

88 2198 193 2262 bulum
219 2199 398 2282 intelligere
423 2199 462 2264 de
488 2199 628 2271 urbibus,
654 2218 749 2284 quam
773 2198 812 2263 de
837 2197 954 2263 multis.

194 2302 230 2385 4)
256 2306 306 2371 de
334 2305 529 2390 syllabis
559 2305 889 2387 coniungendis
918 2310 974 2369 aut
997 2303 1262 2369 dirimendis
1286 2305 1383 2370 2319
1405 2300 1618 2389 ἑνδεκάπηχυ]
1644 2302 1673 2368 οἱ
1697 2304 1732 2369 δὲ
1754 2314 1828 2390 περὶ
1850 2305 2005 2388 Ἡρακλέ-

88 2434 156 2473 ωνα
180 2426 235 2475 καιι
259 2409 432 2482 'Alebiona
456 2417 571 2475 πιθα
586 2416 782 2492 νωτέραν
806 2407 959 2497 ἦγοονται
981 2407 1040 2493 την
1062 2407 1120 2474 τοο
1143 2409 1258 2473 ἕνδεκα
1283 2406 1429 2493 ἀριθμοιᾶ
1454 2408 1641 2495 drororoirffr²
1674 2432 1718 2478 sc.
1734 2415 1804 2494 ἔχον
1821 2409 1985 2495 δεκάπηχυ
1995 2433 2008 2492 ;

87 2518 157 2581 sim.
182 2520 278 2584 2465
302 2521 389 2584 1131.

194 2626 228 2705 5)
253 2625 292 2690 de
318 2626 448 2691 rebus
472 2624 760 2711 prosodiacis
784 2625 881 2690 [280
903 2619 1225 2707 ἔστεμαροξύνεται
1250 2624 1285 2688 ot
1308 2624 1346 2688 τὸ
1369 2624 1438 2687 ἔστε
1462 2674 1601 2690 .....
1625 2629 1920 2706 πιθανωτέρα
1945 2620 2006 2704 γὰρ

90 2727 264 2815 ἡτοιαύτη
288 2730 482 2811 ἀνάγνωσις,
506 2733 526 2795 i.
545 2752 572 2796 e.
597 2730 671 2796 talis
695 2731 780 2796 vocis
804 2751 899 2795 sonus
924 2732 1104 2810 dignior
1128 2738 1186 2809 est,
1212 2733 1265 2818 qoi
1290 2733 1621 2817 comprobatum
1645 2733 1749 2797 sinim.
1774 2731 1881 2796 N543.

197 2836 252 2903 llis
278 2844 428 2923 quattuor
452 2837 677 2903 vocabulorum
701 2838 882 2902 criticorum
906 2839 1075 2920 generibus
1111 2847 1143 2903 et
1178 2840 1322 2924 partibus
1360 2840 1400 2903 ad
1436 2841 1529 2904 tinem
1565 2839 1771 2925 pertractatis
1808 2857 2001 2924 quamquam

88 2950 211 3007 restant
228 2945 288 3007 ianr
312 2944 410 3009 rerba
432 2943 473 3025 V)
503 2944 758 3028 reeipiendi
783 2944 822 3008 in
847 2951 1029 3020 textum,
1055 2942 1110 3025 Vl)
1136 2944 1470 3029 interpolandi‚
1494 2946 1560 3010 sive
1585 2945 1687 3010 altero
1712 2965 1752 3011 ex
1776 2943 1845 3008 loeo
1870 2943 2006 3008 alterum

89 3051 118 3113 io
139 3049 240 3114 locam
258 3049 484 3133 transferendi,
508 3049 577 3133 Vll)
603 3050 826 3115 reiciendi
852 3058 883 3115 et
901 3052 1082 3116 removendi
1102 3072 1118 3115 e
1136 3058 1238 3123 texto,
1262 3048 1348 3132 Vlll)
1366 3072 1397 3114 m
1409 3052 1563 3116 standi
1586 3053 1652 3117 sire
1673 3052 1816 3118 variandi
1834 3050 2003 3117 lectiones:

88 3162 194 3220 tamen
230 3176 300 3220 eom
336 3157 531 3241 temporibus
569 3163 601 3221 et
633 3156 739 3233 rebus
775 3163 839 3219 tom
865 3157 954 3221 lmine
978 3158 1224 3242 programmatis
1249 3159 1392 3223 terminis
1417 3164 1449 3223 et
1472 3159 1624 3243 impensis
1649 3161 1742 3224 finem
1767 3158 1948 3245 inquirendi
1973 3164 2005 3221 et

89 3263 270 3328 disserendi
294 3263 401 3328 lacere
426 3270 564 3343 coactus,
591 3263 714 3348 reliqua
737 3263 768 3327 in
793 3269 955 3349 posterum
979 3265 1062 3330 diem
1087 3263 1217 3331 differre
1243 3267 1273 3329 in
1298 3266 1402 3331 animo
1427 3272 1485 3330 est.
