4320 5574
556 1287 681 1370 Index
714 1285 994 1370 rocabrdorum
1028 1291 1067 1368 et
1098 1287 1303 1367 notionum
1339 1290 1377 1366 et
1409 1283 1595 1366 locorum.

955 1499 978 1542 p.

113 1649 279 1715 Ἀδιανόηιος
295 1650 430 1716 obscurus,
455 1664 508 1703 non
526 1652 636 1717 apertus
654 1648 688 1703 ad
707 1647 912 1716 intelligendum
984 1648 1001 1702 5

115 1739 223 1808 ἄκαιρος
248 1738 424 1806 importunus,
452 1737 568 1807 ineptus,
596 1753 648 1792 non
675 1753 752 1792 suum
775 1736 913 1792 inlocum

221 1827 370 1882 translatus
424 1865 912 1885 .......
969 1828 1002 1879 16

115 1916 221 1972 sisoim
247 1917 271 1971 1.
289 1915 432 1971 subaudire

246 2006 272 2059 2.
290 2003 408 2072 positum
426 2020 485 2060 esse
503 2020 550 2074 pro
568 2002 624 2058 sive
643 2002 797 2073 intelligere
816 2003 849 2058 de
906 2050 913 2063 .
986 2005 1002 2058 6

244 2095 269 2148 3.
290 2093 424 2162 pertinere
444 2093 477 2147 ad
503 2131 832 2160 .....
870 2128 912 2146 ·.
985 2093 1002 2147 6

116 2182 333 2256 ιῖμψιριίλλεσθαι
352 2181 508 2252 ambiguum
526 2181 585 2236 fieri
666 2223 673 2237 .
747 2223 753 2236 .
826 2222 833 2236 .
905 2221 912 2236 .
984 2181 1002 2234 4

116 2272 264 2345 α’μφιβολῐα
282 2271 456 2343 ambiguitas,
476 2270 622 2326 difficultas
640 2269 835 2340 interpretandi
906 2310 913 2325 .
985 2270 1003 2324 3

116 2361 264 2433 ἀμφίβολος
282 2360 378 2429 (λος)
397 2359 549 2430 ambiguus,
567 2360 694 2430 ambigue
744 2399 751 2416 .
824 2399 832 2416 .
904 2399 912 2417 .
985 2360 1002 2413 3

117 2448 309 2522 ἀνάρμοστος.
331 2488 336 2501 .
358 2488 363 2500 .
383 2447 491 2516 ineptus

117 2536 305 2611 ἀπαγορεύειν
322 2537 460 2594 adversari
503 2576 911 2596 ......
970 2538 1003 2591 12

118 2625 252 2687 rinitores
269 2626 326 2681 sive
346 2625 394 2680 οὕκ
411 2625 545 2685 daiberto
587 2663 914 2683 .....
970 2626 1003 2679 17

277 2716 328 2770 fide
348 2714 475 2784 indignus
493 2713 550 2769 siue
568 2729 621 2769 nou
638 2713 782 2785 indignus:

223 2809 250 2860 1.
269 2807 301 2860 de
319 2804 478 2860 lectionibus
496 2803 638 2873 probandis

224 2896 251 2951 2.
269 2896 301 2949 de
320 2892 438 2949 athetasi

225 2988 250 3040 3.
269 2983 302 3038 de
321 2981 543 3051 interpretatione

225 3075 251 3129 4.
271 3073 303 3127 de
321 3070 432 3142 syllabis
449 3069 641 3141 coniungendis

226 3162 251 3217 5.
270 3158 400 3215 derebus
418 3157 578 3227 prosodiaois

119 3248 278 3304 ἀποδιδόναι
298 3249 323 3305 1.
340 3246 451 3302 uerbum
468 3247 548 3302 verbo
566 3248 676 3303 reddere
749 3289 756 3302 .
829 3290 835 3303 .
908 3289 915 3304 .
989 3251 1005 3303 9

298 3338 323 3394 2.
342 3335 485 3391 subaudire
509 3376 915 3393 ......
989 3339 1005 3391 9

298 3426 324 3481 3.
343 3424 443 3494 periodi
462 3432 653 3495 argumentum
671 3441 801 3495 exponere
828 3467 835 3482 .
909 3468 916 3482 .
990 3428 1006 3480 9

120 3517 246 3578 ἀπόδοσις
263 3513 451 3584 interpretatio
509 3554 515 3568 .
589 3553 596 3567 .
668 3554 675 3568 .
749 3557 755 3570 .
829 3527 838 3572 ι’
911 3559 916 3570 .
990 3516 1007 3569 9

120 3604 326 3677 ἀποδοκιμάζειν
343 3603 486 3671 reprobare
508 3641 914 3662 ......
971 3605 1004 3658 13

120 3694 240 3763 ἀρέσκειν
256 3695 363 3763 placere
429 3731 917 3749 .......
973 3694 1007 3746 12

121 3780 247 3855 ἁρμόζειν
265 3783 404 3849 quadrare,
428 3797 584 3852 congruere,
608 3797 715 3836 sensum
738 3798 791 3837 nou
809 3782 917 3836 turbare
974 3783 1007 3837 13

229 3873 253 3924 1.
273 3872 305 3925 de
333 3870 448 3940 singulis
475 3870 582 3926 vocibus
614 3885 721 3925 sensum
748 3870 919 3925 turbantibus

281 3966 330 4015 snt
347 3976 399 4014 nou
418 3958 588 4015 turbantibus

229 4050 254 4106 2.
273 4050 307 4104 ab
326 4048 439 4104 alicuius
458 4048 575 4104 moribus
592 4049 721 4114 maerens,
740 4063 793 4102 nou
811 4063 919 4103 eonsen-

282 4148 379 4194 laneus

229 4229 254 4283 3.
273 4229 305 4284 de
323 4228 445 4286 versibus
470 4230 504 4285 ab
527 4229 580 4284 alio
603 4229 659 4284 loco
685 4235 749 4296 apte
768 4227 812 4282 vel
830 4226 921 4297 inepte

280 4317 424 4374 translatis

122 4405 290 4479 ἅρμοζδντικ
307 4412 379 4476 apte,
397 4412 470 4462 recte
515 4447 919 4465 ......
976 4407 1010 4461 13

123 4495 221 4570 ἄχαρις
238 4494 296 4553 sire
314 4495 362 4550 οδκ
380 4494 479 4568 ἄχαρις
496 4495 624 4567 ingratus
642 4495 699 4551 sire
712 4496 783 4551 hand
795 4495 921 4567 ingratus
976 4498 1010 4551 16

123 4585 310 4657 γραμματικός
328 4583 374 4655 qui
391 4584 497 4641 indiciis
522 4585 679 4653 quibusdam
702 4601 759 4640 rem
784 4585 922 4657 diiudicat,

229 4673 303 4729 idem
321 4675 390 4742 quod
407 4673 520 4743 κριτικός

123 4760 235 4824 δεόντως
252 4762 401 4818 οοωεεοῐίο
431 4803 913 4824 .......
979 4768 1011 4823 15

233 4853 256 4906 1.
276 4852 309 4907 de
326 4850 448 4908 versibus
466 4867 513 4906 suo
526 4853 581 4908 loco
594 4852 689 4922 positis
701 4859 750 4907 aut
761 4870 814 4909 non
826 4854 920 4922 positis

230 4941 256 4996 9.
276 4941 309 4997 de
327 4940 448 4997 versibus
467 4947 567 4998 temere
585 4941 760 4999 translatis.
834 4982 841 4999 .
914 4984 920 4999 .
978 4946 1011 4998 16

1128 1648 1256 1720 δέχεσθαι
1275 1650 1299 1703 1.
1318 1647 1427 1716 probare

1270 1737 1295 1792 2.
1315 1735 1434 1803 accipere

1270 1826 1296 1880 3.
1315 1824 1415 1880 referre
1433 1825 1475 1890 ad,
1494 1823 1649 1894 intelligere
1667 1824 1699 1879 de
1751 1870 1757 1883 .
1837 1865 1843 1878 .

1128 1918 1223 1982 δηλοῦν
1244 1916 1268 1970 1.
1288 1914 1461 1969 manifestum
1478 1914 1598 1980 reddere,
1616 1913 1768 1983 patefecere
1836 1951 1846 1969 .
1918 1950 1926 1969 .

1243 2004 1268 2058 2.
1288 2003 1405 2058 iudicare
1436 2038 1921 2060 .......

1133 2098 1139 2111 ·
1243 2093 1269 2148 3.
1288 2092 1440 2162 significare

1129 2181 1237 2248 δήλωσις
1255 2180 1418 2252 significatio
1438 2217 1925 2236 .......
1997 2178 2015 2232 9

1129 2274 1272 2338 διακρίνειν
1290 2268 1496 2340 ambiguitatem
1515 2270 1657 2335 diudioare,
1676 2271 1778 2325 solvere
1838 2313 1845 2326 .
1918 2308 1926 2324 .
1998 2267 2016 2320 4

1130 2358 1320 2430 διαλαμβάνειν
1338 2358 1497 2425 disceptare,
1522 2358 1654 2414 disserere
1672 2359 1705 2414 de
1723 2358 1814 2427 aliqua
1831 2373 1860 2413 re
1919 2400 1926 2413 .

1130 2448 1236 2501 διάνοια
1255 2447 1384 2504 sermonis
1401 2452 1543 2503 contextus
1561 2453 1591 2502 et
1608 2448 1775 2503 continuatio
1838 2488 1845 2502 .
1919 2487 1926 2500 .
2000 2445 2017 2500 5

1130 2539 1313 2607 διασημαίνειν
1330 2536 1483 2606 significare
1519 2576 1926 2595 ......
1983 2535 2014 2588 ll

1130 2624 1337 2696 δαααειάληιιιος
1346 2625 1532 2681 diuficillimnm
1543 2626 1685 2690 translatu,
1695 2625 1713 2681 i.
1723 2642 1747 2694 q.
1757 2625 1829 2681 verti
1837 2625 1880 2682 rel
1890 2625 1928 2680 al·

1237 2719 1295 2770 tero
1306 2715 1433 2769 vocabulo
1444 2714 1590 2783 explanari,
1602 2715 1761 2770 commutari
1775 2731 1829 2770 non
1839 2718 1929 2782 potest
1999 2715 2016 2767 9

1130 2803 1286 2875 ἐκδέχεσθαι
1305 2802 1433 2872 accipere,
1450 2803 1603 2873 intelligere
1680 2844 1686 2857 .
1759 2847 1766 2860 .
1840 2843 1848 2859 .
1918 2841 1927 2859 .

1238 2895 1262 2947 1.
1283 2893 1315 2946 de
1333 2891 1434 2960 periodi
1449 2900 1609 2963 argumento
1680 2935 1686 2946 .
1759 2938 1765 2950 .
1840 2933 1847 2947 .
1919 2931 1927 2949 .

1237 2983 1262 3036 2.
1281 2982 1314 3036 de
1334 2982 1501 3053 singulorum
1518 2981 1706 3036 vocabulorum
1724 2995 1803 3036 sensu
1840 3026 1847 3041 .
1920 3020 1928 3037 .

1239 3072 1264 3126 3.
1283 3073 1316 3126 de
1334 3071 1522 3126 vocabulorum
1540 3069 1633 3125 formis
1651 3068 1860 3138 interpretandis
1921 3110 1927 3122 .

1237 3162 1263 3215 4.
1281 3161 1314 3215 de
1335 3159 1449 3229 singulis
1468 3158 1569 3213 litteris
1587 3158 1750 3228 explicandis
1842 3199 1849 3214 .
1922 3200 1929 3214 .

1238 3252 1262 3303 5.
1282 3251 1314 3303 de
1333 3248 1443 3319 syllabis
1461 3248 1653 3317 coniungendis
1671 3255 1721 3303 aut
1737 3246 1893 3303 dirimendis
1920 3289 1927 3303 .

1238 3339 1262 3391 6.
1282 3338 1314 3392 de
1332 3337 1440 3393 uocibus
1458 3337 1610 3405 compositis
1629 3343 1678 3392 ant
1695 3354 1747 3392 non
1764 3353 1847 3406 comp.
1920 3375 1927 3391 .

1240 3427 1264 3482 1.
1283 3427 1315 3480 de
1334 3426 1475 3481 verborum
1493 3425 1596 3496 origine
1682 3471 1689 3483 .
1761 3466 1768 3480 .
1841 3467 1847 3481 .
1922 3467 1929 3479 .

1132 3514 1307 3588 ἐκλαμβάνειν
1325 3516 1443 3584 accipere
1462 3515 1603 3571 subaudire
1680 3556 1687 3569 .
1760 3556 1766 3570 .
1840 3556 1847 3570 .
1920 3553 1928 3569 .

1132 3604 1302 3670 ἐξακούεσθαι
1321 3605 1442 3659 exaudiri

1133 3699 1223 3751 ἔννοια
1241 3694 1370 3752 sermonis
1388 3701 1529 3749 contextus
1547 3702 1577 3748 et
1594 3694 1760 3749 continuatio
1842 3734 1849 3748 .
1924 3733 1930 3747 .

1133 3787 1280 3856 ἐπικρατεῖν
1298 3782 1378 3838 lectio
1396 3782 1535 3851 peruincit,
1554 3785 1692 3851 praevalet
1763 3823 1770 3838 .
1845 3827 1850 3838 .
1924 3823 1931 3838 .

1133 3875 1276 3945 ἐπικρίνειν
1294 3879 1353 3942 post
1372 3873 1487 3927 alterum
1506 3872 1623 3928 iudicare
1683 3917 1689 3929 .
1762 3919 1768 3932 .
1843 3914 1849 3927 .
1923 3914 1929 3928 .

1134 3961 1239 4028 εὔδηλος
1257 3962 1427 4029 manifestus,
1446 3969 1556 4031 apertus
1605 4000 1931 4017 .....

1134 4050 1251 4123 εἰκρινὴς
1268 4053 1365 4116 clarus,
1384 4051 1514 4107 dilucidus

1135 4140 1235 4207 εδαελής
1252 4140 1324 4208 vilis,
1343 4141 1440 4209 munis,
1459 4157 1566 4211 pravus,
1585 4140 1685 4196 stultus
1763 4179 1770 4195 .
1843 4180 1849 4195 .
1923 4180 1930 4194 .

1243 4232 1266 4292 1.
1285 4232 1317 4287 de
1335 4230 1443 4286 vocibus
1461 4229 1570 4285 Homeri
1594 4228 1698 4284 dicendi
1723 4229 1784 4285 usui
1801 4245 1853 4284 non
1870 4244 1932 4283 con·

1286 4319 1422 4375 mauricis

1242 4410 1267 4464 2.
1286 4409 1318 4463 de
1336 4407 1456 4463 versibus
1474 4407 1579 4462 vitiosis
1604 4443 1931 4463 .....
1988 4407 2022 4461 16

1135 4498 1267 4570 εδιμραδῆς
1284 4499 1407 4566 prudens,
1425 4497 1509 4552 bonus

1137 4585 1262 4660 ἤγεῖσθαι
1279 4587 1378 4643 habere
1395 4601 1451 4654 pro,
1471 4586 1645 4655 interpretari
1685 4626 1692 4642 .
1766 4627 1772 4640 .
1845 4630 1850 4642 .
1925 4627 1933 4641 .

1135 4674 1325 4733 κακοσύνθετος
1343 4673 1412 4729 male
1430 4674 1592 4744 compositus
1685 4719 1691 4732 .
1763 4716 1771 4733 .
1844 4714 1852 4732 .
1925 4714 1932 4730 .

1136 4770 1221 4824 κακῶς
1238 4764 1331 4830 stulte,
1349 4762 1445 4818 vitiose
1526 4805 1931 4822 ......
1988 4764 2023 4821 14

1246 4855 1268 4911 1.
1287 4853 1320 4906 de
1338 4852 1459 4908 versibus
1478 4852 1561 4908 alium
1579 4855 1607 4908 in
1626 4854 1711 4911 locum
1729 4853 1872 4913 uauslatis

1243 4942 1271 4999 2.
1289 4943 1321 4997 de
1340 4941 1509 4999 athetesibus
