4320 5574
225 527 369 634 Denique
406 548 511 634 ipsum
545 548 676 613 verbum
712 547 956 613 adversandi
992 553 1042 611 est
1079 543 1316 640 ἀνταγορεύειν,
1352 546 1435 633 quod
1471 543 1624 633 scriptum
1656 540 1773 631 legitur
1797 543 1896 612 (⁰130
1917 537 2050 630 pirron

117 664 227 742 μέντοι
252 667 305 724 και
323 658 339 726 o‘
355 659 567 744 ’Λρίσταρχος
583 665 801 740 συγκατέθετο
816 660 855 752 τῇ
873 657 1035 743 dcccdccc,
1058 662 1160 746 μηδὲν
1184 660 1207 725 οἷ
1217 686 1235 727 ν
1248 684 1307 724 νει
1319 687 1345 726 π
1356 660 1410 724 ὠν
1433 661 1478 748 τῷ
1500 659 1754 745 ’Λριστοφύνευ
1777 661 1796 724 i.
1813 681 1842 724 c.
1864 659 1951 724 haurd
1966 660 2048 737 scio,

119 786 159 830 an
183 786 331 830 assensus
355 767 409 842 sit,
434 785 478 831 sc.
504 765 715 850 Aristophani
741 764 798 830 hoe
821 785 930 830 versus
956 764 1085 841 delenti,
1109 768 1205 832 etiam
1232 767 1435 831 Aristarchus
1460 768 1487 831 ei
1514 787 1588 831 iron
1613 767 1868 832 aclversatus.

627 1086 656 1150 b.
685 1085 925 1151 lectionem
955 1086 1146 1171 probare
1176 1085 1245 1152 vel
1274 1087 1536 1173 improbare.

228 1230 407 1292 Admodum
432 1227 531 1307 varia,
565 1234 674 1293 utres
700 1248 807 1293 secum
843 1227 916 1307 lert,
953 1226 1012 1293 hoc
1046 1230 1076 1292 in
1113 1248 1229 1310 genere
1264 1235 1338 1293 siunt
1370 1229 1478 1306 verba,
1520 1228 1688 1292 verborum
1722 1230 1878 1303 notiones,
1913 1229 2046 1295 dicendi

118 1338 277 1403 rationes:
304 1339 480 1430 ζει-ναύτην
510 1334 747 1401 collaudare
775 1333 998 1400 lectionem
1032 1338 1133 1403 21le
1156 1335 1199 1402 δι’
1225 1331 1394 1419 dcccdccc]
1417 1345 1469 1397 aar
1494 1332 1680 1418 Ζηνόδοτος
1714 1336 1749 1400 δὲ
1772 1348 1987 1402 σνναινετ
2006 1328 2048 1433 κη’

117 1451 193 1533 δι’χα
216 1449 274 1512 τοῦ
296 1445 321 1512 ἆ
345 1450 464 1541 γραφῇ,
490 1447 547 1529 (sc.
569 1447 626 1514 διδ
645 1446 801 1533 σπιδέος).

224 1571 483 1664 Παρχαδέεαδαι
522 1572 651 1639 verbum
691 1573 767 1658 quid
806 1573 858 1651 sit,
897 1573 1024 1658 saepius
1064 1573 1210 1638 dubitare
1251 1573 1384 1659 poteris.
1460 1574 1492 1655 1)
1531 1571 1675 1639 Proxime
1716 1574 1841 1640 accedit
1880 1576 2038 1644 interd·

118 1689 158 1754 ad
182 1687 281 1753 verba
304 1685 361 1750 illa
383 1687 585 1770 ἐκδέχεσθαι,
610 1683 750 1766 α’κούειν,
774 1699 871 1768 νοεῖν,
896 1693 928 1750 ut
952 1686 995 1751 sit
1018 1687 1227 1772 accipere,
1253 1686 1518 1770 intelligere,
1543 1707 1570 1751 e.
1588 1708 1618 1768 g.
1642 1689 1715 1753 §10
1736 1685 1966 1771 Μυρμιδόνων
1987 1686 2043 1754 τδν

118 1795 263 1878 ἄριστον,
296 1813 340 1858 sc.
364 1785 569 1876 Πάτροκλον]
603 1790 732 1855 dierunt
755 1791 849 1871 enim,
885 1793 936 1876 qui
970 1802 1125 1876 negarent
1149 1791 1379 1878 Myrmidonem
1405 1814 1424 1859 a
1449 1800 1546 1878 poeta
1568 1791 1748 1858 Patroclum
1774 1792 1837 1857 dici
1861 1813 1971 1877 posse,
2009 1800 2043 1860 ut

118 1901 263 1968 delerent
286 1899 340 1964 hos
365 1919 484 1979 versus,
523 1899 573 1962 cui
598 1903 704 1962 tamen
728 1896 910 1964 difficultati
935 1899 1137 1965 Aristarchus
1170 1901 1338 1966 subvenire
1374 1901 1498 1966 studet:
1533 1899 1600 1964 δεῖν
1639 1900 1674 1963 δέ
1698 1918 1797 1983 ηησιν
1830 1899 2045 1983 Ἀρίσταρχος

118 2005 218 2082 οὕτως
240 2003 321 2070 ariaci
343 2032 370 2072 π
382 2007 497 2089 αραδ
508 2007 716 2085 ἔχεσθαι·
741 2001 800 2068 τὸν
821 2002 904 2086 paud
925 2003 983 2069 τὸν
1006 2004 1142 2090 ἄριστον
1158 2006 1223 2071 τῶν
1241 2005 1475 2091 Μυρμιδόνων,
1497 2008 1518 2071 i.
1538 2027 1565 2072 e.
1583 2026 1694 2071 uersus
1712 2007 1757 2072 ita
1780 2006 2044 2092 accipiendos

117 2113 184 2179 sive
207 2113 502 2194 intelligendos
527 2131 596 2178 esse
621 2111 709 2189 dicit,
735 2113 770 2174 ut
791 2111 834 2174 sit
855 2129 986 2176 sensus:
1017 2132 1099 2187 ecum,
1124 2114 1176 2199 qui
1201 2119 1274 2199 post
1296 2112 1504 2178 fortissimum
1530 2112 1774 2198 Myrmidonum,
1798 2133 1843 2178 so.
1868 2111 2044 2194 Achillem,

117 2220 256 2287 secundo
282 2222 372 2306 quasi
397 2220 467 2286 loco
493 2221 630 2305 optimus
656 2223 735 2284 erat.
783 2214 932 2282 Necnon
957 2220 1066 2284 eodem
1093 2222 1185 2286 modo
1209 2221 1339 2286 verbum
1364 2221 1663 2305 interpretabimur,
1688 2221 1740 2285 ubi
1759 2221 1904 2306 quaestio
1921 2220 1985 2285 erit
2001 2220 2043 2286 de

117 2327 251 2412 singulis
276 2328 405 2393 vocibus
429 2328 480 2394 vel
504 2329 535 2392 in
562 2325 643 2391 hunc
665 2324 716 2390 vel
740 2325 772 2389 in
796 2323 884 2389 illum
909 2326 1037 2391 modum
1063 2328 1259 2413 accipiendis
1285 2333 1380 2413 atque
1404 2327 1650 2393 suliaudieodis:
1679 2329 1777 2392 111319
1802 2325 1876 2393 αλλ’
1894 2320 1941 2412 ὃς]
1966 2325 2041 2411 'Ap

116 2441 226 2518 μέντοι
252 2434 350 2508 ἄλλος
374 2432 585 2515 α’νεχίνωσκεν
608 2430 1041 2516 ου’παραδεχύηιενος
1063 2432 1100 2498 τδ
1125 2435 1266 2519 ἄρθρον,
1299 2435 1320 2500 i.
1341 2457 1368 2499 e.
1393 2434 1560 2499 articulum
1586 2432 1620 2511 ὃς
1655 2456 1729 2499 cion
1766 2434 2041 2505 subaudiensz

116 2543 217 2607 simm.
242 2543 312 2608 130.

224 2650 257 2735 δ)
282 2648 405 2715 Deinde
441 2653 490 2713 est
525 2666 688 2712 caueam
718 2645 850 2713 alicuius
875 2653 907 2714 et
941 2649 1162 2715 rationem
1194 2648 1406 2733 probare:
1446 2651 1546 2717 Λ409
1570 2644 1677 2733 τόνδε]
1699 2648 1835 2731 ἔφαμεν,
1873 2645 1921 2712 ὅτι
1944 2646 2041 2731 παρδ

116 2751 161 2843 τῴ
184 2751 302 2850 ποιητη
326 2754 343 2842 ἡ
368 2754 425 2823 διδ
448 2748 506 2821 του
530 2747 560 2820 δῖ
580 2753 633 2817 ἐπὶ
656 2750 773 2838 ταύτης
794 2748 851 2838 της
871 2751 1078 2838 α’ντωνομίας
1099 2755 1270 2830 ἐπέκτασις
1294 2760 1441 2821 σπανίοις
1458 2760 1519 2836 μὲν
1541 2754 1660 2837 εδρὲδη
1680 2753 1731 2816 ἐπ’
1751 2749 1937 2835 οἷνατηορὰς,
1960 2752 2041 2818 ὥστε

117 2862 212 2928 οὐδὲν
235 2861 387 2927 κεκώλυκε
405 2871 460 2926 καὶ
481 2858 605 2926 ἐνθάδε
627 2854 664 2924 τδ
679 2856 808 2924 roseico
831 2859 985 2942 παραδ
996 2858 1071 2931 ἐξα
1084 2870 1216 2943 σθαι,
1241 2862 1386 2946 exposito
1403 2860 1500 2942 igitur
1519 2870 1632 2945 poetae
1650 2860 1776 2925 dicendi
1794 2879 1851 2924 usu
1866 2858 2042 2924 scholiasta

116 2971 237 3057 pergit:
264 2969 371 3053 itaque
395 2966 473 3032 nihil
497 2967 726 3053 impedimento
751 2972 810 3046 est,
835 2966 912 3051 quin
935 2965 985 3032 hie
1009 2989 1133 3057 quoque
1156 2971 1292 3037 similem
1318 2969 1618 3052 comprobemus
1653 2967 1799 3032 lectionis
1830 2967 2041 3041 rationem,

206 3076 257 3157 ·3)
281 3072 424 3159 Denique
448 3073 660 3139 lectionem
685 3073 786 3159 ipsam
811 3073 988 3158 probare
1021 3078 1274 3160 παραδέχεσθαι
1306 3085 1355 3142 est
1379 3076 1474 3140 Γ242
1497 3074 1551 3138 ἐπὶ
1574 3075 1609 3138 δὲ
1634 3071 1670 3137 εδ
1693 3073 1802 3139 πολλοὶ
1826 3071 1843 3138 δ
1868 3072 1961 3156 λόγος
1980 3080 2043 3156 μὲν

116 3182 200 3268 αἱρεῖ
221 3181 278 3263 (sc.
303 3177 406 3264 βραχύ
427 3179 653 3263 διαστέλλειν),
686 3178 744 3244 διδ
768 3181 803 3247 δὲ
837 3179 895 3266 την
918 3179 1124 3269 συναλοιφὴν
1152 3179 1191 3248 ού
1224 3183 1513 3266 παραδεκτέα
1547 3177 1784 3264 ἡοῖνοῖχνωσις,
1818 3181 1838 3246 i.
1857 3202 1884 3246 e.
1908 3179 2041 3247 lectio

113 3293 182 3358 sive
206 3289 374 3356 verborum
400 3285 563 3350 distinctio
589 3304 650 3349 non
675 3294 724 3352 est-
748 3289 974 3372 probanda.

222 3411 258 3480 ln
282 3412 392 3478 borum
424 3408 590 3475 verborum
626 3430 757 3476 numero
787 3416 911 3506 Q
943 3433 1067 3498 quoque
1101 3415 1232 3480 verbum
1266 3417 1404 3503 simplex
1443 3417 1573 3500 eiusque
1611 3414 1818 3499 compositum
1853 3417 2044 3511 Q

116 3531 336 3619 reperiuntur:
368 3524 470 3590 11le
492 3520 533 3587 δι’
560 3522 716 3599 οἷσπιδέος
737 3519 876 3610 πεδίοιο]
902 3522 975 3588 δδὲ
998 3524 1149 3597 Ἀλεξίων
1181 3540 1235 3593 καὶ
1269 3527 1439 3614 α’μφύτερα
1472 3533 1634 3614 κρίνει,
1669 3536 1722 3591 καὶ
1751 3525 1774 3590 α’
1783 3525 1951 3603 σπιδέος
1985 3549 2044 3605 καὶ

114 3639 247 3713 σπιδέος
271 3683 278 3699 .
304 3686 310 3699 .
337 3685 343 3698 .
370 3682 377 3697 .
400 3629 531 3717 Κράτης
554 3630 590 3695 δὲ
612 3635 820 3715 προκρίνει
842 3629 902 3716 την
925 3630 981 3697 διαὶ
1000 3628 1058 3698 τού
1080 3626 1106 3698 ἆ
1128 3631 1267 3720 γραφὴν,
1289 3635 1310 3699 i.
1336 3656 1363 3701 c.
1390 3633 1557 3711 α’σπιδέος.
1604 3633 1700 3699 Cuius
1726 3633 1839 3699 scholii
1868 3654 2040 3718 argumen-

116 3752 182 3811 tum
205 3745 233 3810 si
256 3743 366 3829 paucis
391 3737 642 3823 complectimur,
666 3735 744 3803 haec
768 3742 817 3803 est
840 3739 939 3803 ratio:
965 3738 1208 3806 scholiastarum
1226 3742 1281 3807 alii
1297 3742 1467 3808 lectionem
1491 3740 1649 3816 δσπιδέος
1672 3741 1926 3827 praeferunt,
1952 3742 2040 3809 velut

115 3851 316 3918 Ascalonitea
341 3854 373 3914 et
395 3845 517 3924 Crates,
553 3844 607 3910 alii
633 3842 766 3919 σπιδέος
795 3847 1004 3931 comprobant
1026 3846 1114 3913 velut
1136 3847 1316 3914 Zenodotus
1341 3857 1372 3915 et
1396 3850 1553 3915 Ameriae.
1601 3849 1715 3913 Alexio
1755 3869 1830 3914 vero
1866 3853 2038 3937 utrumque

115 3959 273 4025 ratione
304 3954 472 4042 quadam
501 3952 694 4035 agnoscit
723 3958 755 4017 et
783 3953 945 4038 probat.
992 3952 1162 4039 Utriusque
1197 3955 1343 4022 lectionis
1369 3958 1508 4023 rationes
1533 3977 1573 4023 ex
1599 3955 1777 4021 Aristarchi
1804 3955 1894 4021 libris
1919 3957 2038 4025 deinde

116 4067 247 4133 additae
271 4069 355 4130 sunt.
403 4058 614 4137 Quamobrem
639 4059 671 4123 in
699 4059 795 4124 dubio
820 4080 889 4125 esse
913 4060 989 4125 mihi
1013 4080 1075 4125 non
1099 4062 1235 4136 videtur,
1260 4065 1336 4149 quin
1369 4070 1527 4148 κρίνειν
1558 4065 1601 4129 sit
1624 4084 1665 4129 ex
1701 4063 1862 4128 ratione
1898 4064 2039 4149 quadam

115 4192 332 4259 agnoscere
355 4170 422 4235 sive
446 4167 726 4252 comprobare3
752 4167 791 4232 de
814 4171 1052 4250 προκρίνειν
1074 4168 1284 4253 praeferre
1310 4171 1436 4237 omnino
1461 4171 1600 4236 dubitari
1624 4189 1687 4235 non
1713 4176 1829 4255 potest.

224 4280 304 4345 Huic
327 4276 424 4343 verbo
449 4278 628 4361 proximum
653 4279 702 4339 cst
713 4269 872 4367 Qec-v
888 4273 983 4338 13289
1001 4271 1213 4362 ταλαύρινον]
1239 4274 1391 4361 Τρύφωνι
1407 4276 1443 4341 δὲ
1460 4273 1584 4360 αρέσκει
1602 4275 1619 4341 ὁ
1637 4274 1859 4360 σχηματισμός
1878 4273 2041 4356 σύνθετος

114 4391 207 4475 εἶναι,
231 4395 250 4459 i.
270 4414 296 4459 e.
321 4388 484 4476 Tryphoni
507 4388 602 4452 lectio
639 4386 790 4471 placet,
826 4405 890 4471 (pua
924 4385 1113 4450 adiectiuum
1138 4386 1268 4469 fingitur
1293 4391 1518 4476 compositum;
1556 4391 1750 4454 eontrarium
1776 4387 1915 4452 occurrit
1938 4390 2037 4456 Alae

115 4495 185 4562 ούκ
209 4499 372 4580 ἀρέσκει
397 4495 432 4558 δὲ
455 4490 674 4579 Ἀριστάρχῳ,
696 4512 740 4557 sc.
765 4489 783 4578 ἦ
806 4487 862 4554 διαὶ
885 4485 942 4555 του
964 4490 1092 4573 χαλκδς,
1115 4513 1173 4557 nec
1197 4516 1272 4560 vero
1296 4494 1419 4577 χαλκδν
1442 4495 1563 4581 χραφή;
1586 4497 1688 4560 simut.
1704 4496 1795 4560 1331]
1813 4494 1909 4559 E638
1926 4495 2038 4578 (9238,

221 4603 308 4669 Idem
343 4602 410 4668 fere
446 4607 495 4668 ast
530 4600 653 4695 Q
676 4600 761 4684 apud
796 4599 1011 4665 Aristonicum
1040 4601 1135 4666 1149?
1170 4599 1336 4666 εἰδετεῑται
1361 4648 1531 4665 ......
1555 4610 1609 4663 και
1632 4599 1670 4663 τδ
1693 4598 1749 4663 διδ
1773 4593 1871 4685 μητιν
1894 4594 2041 4686 Ἀδὴνης

114 4720 264 4798 λυπεῖ,
300 4716 366 4781 i.e.
391 4734 500 4781 versus
524 4736 541 4779 e
566 4721 656 4780 textu
694 4713 824 4778 reicitur
848 4732 919 4778 cum
942 4711 1014 4778 aliie
1044 4705 1222 4791 decausis,
1256 4719 1321 4777 tum
1345 4714 1420 4799 quia
1458 4713 1678 4799 displicent
1712 4712 1810 4778 verba
1846 4705 1904 4773 διδ
1937 4702 2041 4797 μητιν

113 4824 205 4892 'Ac'
263 4877 270 4890 .

187 4849 269 4996 ηνΙηύο
298 4927 461 5024 QCa-tr
496 4938 527 4995 et
563 4951 644 5015 quae
681 4929 754 4994 inde
791 4929 990 4994 dedimuntur
1025 4927 1188 4994 vocabulis
1222 4930 1286 4995 iam
1321 4927 1567 4997 Leidenrothius
1606 4929 1626 4994 l.
1653 4949 1680 4994 c.
1717 4926 1878 5005 disseruit,
1916 4930 1952 4989 ut
1984 4922 2039 4992 hic
