4320 5574
160 755 188 808 3.
207 754 239 807 de
257 750 417 806 lectionibus
436 748 549 805 mutetis
607 790 613 802 .
687 791 691 800 .
766 788 773 802 .
846 789 853 803 .

160 843 186 898 4„
205 843 238 898 de
256 841 335 897 rebus
353 839 516 908 prosodiacis

53 937 139 996 καλῶς
158 940 225 990 bene
243 930 379 999 sapienter
445 969 851 989 ......
908 931 944 985 14

162 1021 186 1074 1.
205 1019 238 1073 de
256 1017 417 1074 lectionibus
434 1018 584 1089 reprobatis

162 1109 188 1164 2.
208 1109 240 1164 de
257 1106 385 1163 Zenodoti
403 1108 570 1164 athetasibus

162 1199 188 1256 3.
207 1198 239 1253 de
257 1197 337 1253 rebus
355 1197 570 1268 orthographicis

55 1296 155 1360 aptatas
173 1287 273 1355 aliquid
291 1301 327 1341 ex
344 1285 435 1354 aliqua
453 1286 559 1342 ratione
573 1301 727 1356 agnoscere,
743 1287 854 1355 probare

55 1375 214 1447 κρινόμενον
231 1375 357 1431 iudicium
376 1382 426 1431 eut
443 1382 517 1441 note,
543 1376 638 1444 quibus
665 1374 765 1443 aliquid
782 1375 851 1431 diiu-

162 1464 268 1519 dicetur
287 1504 853 1524 ........

55 1560 137 1623 κρίσις
153 1552 290 1620 iudicium,
308 1568 390 1608 causa
407 1552 570 1608 diiudicendi
606 1594 612 1608 .
686 1595 693 1609 .
766 1596 772 1609 .
846 1594 853 1610 .

55 1644 168 1711 κριτικὰς
186 1641 232 1710 qui
249 1657 282 1696 ex
301 1641 408 1697 iudiciis
426 1642 581 1709 quibusdam
600 1643 710 1713 exponit
767 1685 773 1700 .
847 1685 854 1698 .

55 1731 203 1802 λαμβάνειν
220 1730 349 1799 accipere,
367 1729 521 1800 intelligere
607 1773 613 1785 .

55 1822 147 1872 ιοαεῑν
164 1819 305 1889 displicere
366 1858 854 1877 .......
927 1826 934 1848 ⁸

54 1914 210 1979 μέμφεσθαι
229 1909 390 1977 vituperare,
409 1907 558 1975 improbare
607 1951 613 1965 .
687 1952 694 1966 .
767 1957 773 1970 ,
847 1948 853 1962 .

55 1996 269 2069 μεταλαμβάνειν
288 2037 854 2059 ........

167 2087 190 2138 1.
209 2086 367 2153 transferre,
385 2091 500 2154 vertere,
519 2086 693 2156 interpretari

163 2175 189 2231 2.
208 2175 366 2245 participem
384 2191 443 2230 esse
461 2176 575 2231 alicuius
594 2176 808 2247 significationis,
827 2177 855 2232 iu

206 2263 369 2332 provinciam
387 2263 445 2319 eius
465 2264 504 2318 ire
606 2306 613 2322 .
687 2307 694 2321 .
767 2307 774 2322 .
847 2308 853 2322 .

163 2354 187 2408 3.
206 2359 370 2408 commutare
383 2353 503 2409 litteram
517 2352 620 2422 littere,
639 2355 796 2411 vocabulum
809 2373 853 2411 vo·

18 2552 24 2561 ·
55 2529 329 2602 μεταλαμβανόμενον
343 2532 459 2587 notionis
477 2533 659 2603 commutatio,
684 2533 855 2603 participatio

55 2612 201 2689 μετείληψις
219 2617 288 2674 idem

56 2712 136 2776 νοεῖν,
155 2723 192 2763 so.
210 2710 301 2761 κοινόν
320 2709 376 2766 sive
389 2713 455 2764 κεναί
474 2713 564 2765 κοινόν
582 2712 623 2768 ita
643 2712 805 2782 intelligere,
824 2721 855 2767 ut

162 2796 195 2850 ad
213 2799 359 2867 compluria
378 2800 457 2855 simul
476 2801 612 2869 pertineat
629 2820 680 2858 vox
766 2843 773 2858 .
847 2845 853 2858 .
928 2804 939 2815 '

57 2886 151 2948 νοηεόν
170 2885 226 2941 sive
245 2890 310 2940 καεεὶ
331 2891 424 2954 νορεόν
442 2906 537 2946 sensus
557 2891 613 2947 sive
633 2895 776 2948 secuudum
795 2907 854 2947 seu-

163 2990 230 3039 sum,
248 2983 356 3044 praeter
375 2980 569 3046 grammaticae
588 2981 664 3051 leges
685 3021 692 3037 .
766 3023 772 3036 .
846 3022 852 3035 .

57 3069 119 3122 νοῦς
138 3063 222 3118 totius
240 3065 375 3120 enuntiati
392 3083 486 3124 seusus
504 3078 533 3125 et
551 3077 740 3141 argumentum
768 3113 774 3125 .
847 3111 853 3126 .

57 3155 156 3212 clasem
176 3169 223 3207 suo
242 3154 306 3220 loco,
324 3157 476 3212 necessario
494 3159 597 3226 positus
688 3200 694 3213 .
768 3201 774 3214 .

57 3241 146 3311 ὀρθῶς
165 3243 270 3313 (ὀρθός)
288 3250 371 3310 reete,
389 3245 465 3311 bene,
482 3253 554 3316 apte,
572 3247 628 3303 sive
647 3246 737 3316 inepte
767 3291 773 3304 .
847 3292 853 3304 .

166 3333 189 3388 l.
208 3332 241 3387 de
260 3333 509 3403 interpolationibus

164 3423 189 3476 2.
208 3423 240 3477 de
259 3421 417 3479 lectionibus
435 3424 591 3493 improbatis

164 3510 190 3566 3.
208 3513 241 3565 de
260 3511 529 3580 interpretationibus
546 3516 704 3572 collaudatis

165 3600 190 3654 1.
209 3601 241 3654 de
261 3600 384 3655 lectionis
402 3600 515 3656 alieuius
534 3604 622 3659 causis
641 3606 707 3660 bene
726 3606 818 3659 allatis

166 3690 191 3743 5.
211 3688 292 3758 ὀρθός
302 3689 334 3742 de
344 3690 422 3745 rebus
432 3691 592 3758 prosodiacis
602 3698 631 3747 ct
640 3693 855 3764 orthographicis

165 3779 189 3831 6.
209 3778 241 3831 de
260 3777 365 3831 uomiue
383 3794 462 3834 casus
479 3781 639 3837 nominativi

166 3868 190 3920 l.
210 3869 243 3923 de
262 3867 332 3922 iusto
351 3882 383 3921 ac
400 3870 519 3937 perfecto
539 3869 641 3937 periodi
658 3871 750 3927 ordine

58 3956 172 4026 ὀχληρός
180 3958 316 4023 molestus,
335 3956 560 4027 aegrefereudns,
578 3960 610 4015 de
621 3959 854 4032 singulisvocibus

57 4047 257 4118 παραδέχεσθαι
289 4088 855 4106 ........

166 4137 189 4192 1.
209 4137 337 4206 accipere,
356 4137 511 4207 intelligere

165 4226 191 4279 2.
209 4243 318 4282 oausam
344 4245 375 4282 ao
398 4227 531 4283 rationem
556 4229 670 4284 alicuius
688 4230 727 4283 rei
746 4231 857 4298 probare

165 4313 190 4368 3.
208 4313 350 4372 lectionem
369 4318 480 4386 probare

58 4401 279 4471 παραλαμβάνειν

166 4493 191 4543 1.
210 4490 334 4546 adbibere
367 4533 855 4555 .......
929 4501 944 4553 t

167 4579 192 4633 2.
213 4579 342 4635 collocare
363 4598 409 4650 pro
447 4626 855 4643 ......
929 4590 944 4642 7

168 4668 193 4722 3.
212 4667 332 4738 probare,
352 4671 504 4743 admittere,
523 4675 550 4730 in
569 4683 674 4732 textum
686 4678 804 4748 recipere
849 4721 855 4735 .
929 4679 944 4732 l

1173 745 1198 802 4.
1217 749 1356 800 accentum
1375 741 1524 799 attribuere
1621 782 1627 795 .
1700 782 1706 795 .
1779 783 1786 798 .
1861 782 1867 795 .

1173 837 1201 892 b.
1220 832 1382 902 intelligere,
1405 829 1546 885 subaudire
1618 871 1625 887 .
1699 874 1705 886 .
1780 873 1787 886 .

1174 925 1199 980 6.
1219 921 1348 991 suspicari

1174 1011 1198 1068 7.
1218 1011 1348 1072 derivare,
1368 1010 1500 1078 originem
1517 1009 1646 1065 deducere
1701 1052 1707 1066 .
1781 1051 1787 1064 .
1862 1051 1868 1064 .

1068 1106 1205 1175 ααρεικιον
1223 1100 1380 1170 superfluus,
1398 1116 1452 1154 non
1469 1099 1635 1154 necessarius
1697 1142 1704 1156 .
1779 1139 1785 1152 .
1861 1142 1866 1155 .

1068 1198 1208 1246 πείθεσθαι
1227 1189 1375 1245 doctrinam
1388 1195 1437 1244 aut
1449 1188 1592 1244 lectionem
1605 1189 1719 1245 alicuius
1732 1189 1864 1256 subsequi,

1174 1279 1353 1348 comprobare,
1372 1278 1570 1348 comprobatam
1588 1279 1677 1333 textui
1694 1278 1812 1334 inserere
1859 1318 1866 1333 .
1923 1277 1957 1334 13

1069 1371 1188 1438 περισσός
1206 1368 1363 1439 superfluus,
1382 1384 1627 1437 supervacaneus.
1702 1414 1708 1427 .
1780 1406 1787 1424 .
1859 1409 1866 1425 .
1923 1367 1957 1421 16

1176 1459 1200 1515 1,
1220 1459 1252 1513 de
1275 1459 1353 1514 rebus
1378 1457 1570 1529 grammaticis,
1594 1458 1760 1512 schematum
1783 1467 1869 1527 genus

1219 1547 1350 1616 quoddam
1369 1547 1525 1618 significans

1175 1637 1395 1693 moeremium
1420 1654 1472 1692 uon
1495 1636 1663 1707 necessariis,
1686 1636 1721 1691 nd
1743 1636 1870 1692 Zenodoti

1219 1728 1357 1783 atheteaes
1375 1726 1549 1782 stabiliendas

1068 1821 1184 1881 πιθανός
1203 1820 1276 1890 (αὖε)
1298 1817 1354 1872 sivo
1373 1816 1420 1870 oria
1438 1817 1571 1877 simillimos
1618 1857 1626 1873 .
1699 1858 1705 1871 .
1781 1856 1786 1869 .
1861 1856 1867 1870 .
1924 1815 1956 1868 17

1174 1910 1226 1965 fide
1244 1908 1343 1979 diguus
1362 1905 1419 1962 slve
1437 1922 1489 1960 uon
1508 1904 1648 1976 indiguus:

1231 2000 1255 2054 l.
1274 1999 1307 2053 de
1325 1995 1486 2051 lectionibus
1504 1995 1576 2064 prob.

1229 2091 1255 2144 2.
1273 2089 1306 2143 de
1324 2083 1493 2141 athetesibus

1229 2178 1254 2237 3,
1275 2177 1308 2231 de
1326 2173 1549 2243 interpretatione
1567 2174 1618 2229 ude
1637 2173 1721 2245 digna

1228 2268 1254 2323 4.
1275 2267 1308 2320 de
1327 2263 1437 2335 syllabis
1455 2262 1647 2333 coniungendis

1229 2357 1255 2410 5.
1273 2357 1306 2410 de
1324 2354 1403 2408 rebus
1422 2351 1582 2421 prosodiacis

1068 2451 1182 2509 αιαναν,
1192 2448 1347 2497 πλανᾶσθαι
1358 2443 1386 2497 in
1395 2459 1511 2498 errorem
1521 2440 1652 2506 iuducere,
1667 2442 1766 2508 induci,
1775 2457 1866 2497 errare
1922 2442 1955 2496 13

1069 2533 1204 2603 νιρεααιεῖρς
1216 2539 1419 2600 consentaneus,
1434 2538 1532 2602 aptus;
1548 2533 1579 2587 de
1592 2531 1700 2588 vocibus
1714 2533 1765 2587 loci
1777 2531 1868 2587 sensui

1174 2622 1360 2677 consentaneis
1379 2662 1866 2680 .......

1068 2718 1219 2783 προκρίνειν
1237 2711 1373 2780 praeferre

1068 2806 1208 2872 προσέχειν
1225 2799 1253 2855 iu
1273 2800 1436 2856 seutentiam
1454 2799 1567 2855 alicuius
1586 2800 1625 2854 ire
1698 2841 1705 2854 .
1779 2841 1785 2854 .

1068 2895 1223 2962 προσίεσθαι
1243 2889 1396 2953 admittere,
1415 2889 1557 2944 concedere
1576 2888 1717 2944 lectionem
1780 2929 1786 2941 .
1860 2933 1866 2946 .

1070 2983 1206 3048 σημαίνειν

1177 3069 1200 3124 1.
1219 3066 1372 3136 significare

1175 3154 1866 3225 twmmmmm...

1175 3246 1201 3298 8.
1221 3262 1280 3314 ορμ.
1294 3244 1323 3297 εἰν
1340 3243 1475 3298 notionem
1494 3244 1649 3300 coniectura
1666 3248 1792 3314 consequi
1810 3261 1842 3300 ex
1859 3288 1866 3302 .

1070 3333 1267 3403 oqrrorro'mevor'
1285 3332 1368 3399 notio,
1387 3347 1481 3387 sentus
1541 3375 1866 3390 .....

1178 3425 1201 3477 1.
1220 3422 1252 3477 de
1271 3422 1356 3478 totins
1374 3422 1509 3478 enuntiati
1527 3434 1687 3494 argumento
1779 3465 1784 3476 .
1859 3464 1865 3476 .

1176 3513 1201 3567 2.
1220 3511 1253 3566 de
1271 3511 1438 3581 singulorum
1457 3512 1644 3567 vocabulorum
1663 3513 1813 3569 notionibus
1861 3554 1866 3567 .

1177 3604 1201 3658 3.
1221 3602 1286 3673 πρός
1303 3603 1332 3655 ιό
1351 3620 1411 3671 σεεμ.
1429 3609 1538 3671 propter
1555 3603 1689 3671 proprium
1708 3618 1815 3657 sensnm
1859 3643 1865 3658 .

1176 3693 1201 3749 4.
1221 3694 1251 3746 ἓν
1266 3708 1326 3762 σημ.
1340 3707 1400 3745 cum
1412 3707 1499 3756 seusu,
1516 3709 1567 3746 nou
1581 3692 1638 3747 siue
1652 3707 1731 3746 sensu
1749 3692 1866 3760 positum

1177 3784 1201 3839 b.
1221 3782 1263 3836 inl
1284 3780 1370 3848 ἕτερον
1388 3798 1448 3849 σημ.
1468 3781 1492 3835 si
1511 3798 1564 3849 qua
1582 3782 1637 3836 aliu
1655 3781 1728 3836 notio
1746 3782 1839 3836 subest
1861 3821 1867 3837 .

1071 3874 1228 3940 οραανακός
1246 3886 1322 3928 suam
1340 3869 1395 3924 vim
1414 3886 1445 3924 ae
1463 3870 1594 3925 rationem
1613 3870 1713 3926 habeus
1781 3913 1787 3926 .
1861 3911 1867 3923 .

1071 3969 1186 4036 σημασία
1203 3958 1366 4032 significatio
1382 4000 1869 4016 .......

1071 4056 1309 4125 σιγιιιααιίθεσθαι

1178 4146 1203 4197 1.
1222 4140 1373 4194 consentire
1391 4155 1458 4203 euru,
1481 4156 1533 4193 uon
1553 4139 1660 4195 differre
1679 4159 1703 4196 a.

1177 4233 1204 4291 2.
1223 4246 1276 4284 uon
1292 4229 1443 4298 discrepare
1462 4245 1479 4282 a
1497 4228 1547 4283 loci
1565 4244 1645 4284 sensu

1072 4328 1223 4394 συμφωνεῖν
1240 4333 1397 4390 congruere,
1416 4319 1504 4373 facere
1523 4334 1582 4373 cum
1620 4361 1626 4373 .
1701 4361 1706 4372 .
1781 4361 1787 4374 .
1860 4360 1867 4374 .
1924 4321 1957 4374 ll

1071 4420 1203 4466 σοναινεῖν
1220 4410 1372 4466 collaudare
1391 4408 1531 4464 lectionem
1621 4448 1628 4464 .
1702 4450 1708 4463 .
1782 4451 1788 4463 .
1861 4451 1867 4464 .
1924 4410 1958 4463 lt

1073 4500 1151 4573 ε’νμεῦι
1171 4502 1242 4572 (αἶς)
1261 4515 1333 4565 saue,
1355 4505 1441 4565 recte,
1460 4498 1520 4554 vide
1541 4499 1629 4566 ὀρθοῖς
1701 4541 1707 4555 .
1783 4541 1788 4552 .
1862 4540 1867 4551 .
1925 4498 1958 4551 15

1071 4591 1258 4662 εῗπισχνεῖσθαι
1276 4589 1390 4643 formam
1408 4589 1520 4659 fingere,
1538 4589 1692 4658 significare
1782 4630 1789 4643 .
1862 4629 1868 4641 .
1926 4588 1956 4640 ll

1075 4677 1271 4751 ὖσολαμβάνειν
1287 4678 1347 4734 voci
1369 4679 1532 4734 senteutiam
1551 4695 1598 4748 per
1615 4694 1732 4735 errorem
1750 4677 1869 4734 subicere
1941 4678 1958 4731 8

807 4949 1230 4981 ———⁴m>-—
