4320 5574
1060 303 1103 384 23

972 407 1186 422 tRAAArWSNWV

120 532 186 607 loco
209 541 422 622 λέγεσθαι
446 526 647 603 Aristonicus
671 534 787 623 posuit.
839 533 898 601 Est
920 535 1019 619 igitur
1043 533 1172 601 verbum
1197 533 1300 619 primo
1334 530 1372 600 de
1397 552 1543 599 versuum
1567 533 1657 614 lucie,
1691 538 1796 598 utrum
1821 528 1884 598 suis
1910 529 2044 616 legantur

119 650 197 715 locis
221 669 335 715 necne:
375 647 432 711 Ar.
457 654 491 710 A
507 647 574 710 454
604 642 652 709 ὅτι
680 641 767 708 κατά
795 641 853 728 τήν
884 637 1076 722 Πατρόκλου
1109 641 1224 713 ἔξοδον
1253 638 1310 706 orie
1342 639 1451 726 ὀρθῶς
1477 641 1610 725 λέγεται,
1643 642 1797 707 ἐντεῦθεν
1825 646 2044 724 perstrepitat&

118 757 219 820 simin.
247 757 354 820 Τ387
379 759 408 817 Ω
426 756 499 818 lit.
559 751 682 817 Deinde
706 768 764 836 pro
790 745 1022 829 ἀναγινώσκειν
1047 747 1237 812 collocatum
1264 752 1328 828 est,
1358 752 1393 812 ut
1416 748 1544 831 pennina
1566 764 1670 813 rorum
1694 748 1790 812 torma
1815 746 1989 812 restituatur
2013 746 2043 810 et

119 863 234 945 leuatur
264 862 380 927 litteris
404 866 491 926 recte
521 858 699 923 distributis
730 877 768 922 ae
792 855 967 921 coniunctis
992 855 1048 918 Ar.
1074 864 1104 920 B
1123 856 1185 920 atil
1212 854 1260 918 ὅτι
1280 860 1363 930 τινὲς
1384 853 1572 935 ἀνέγνωσαν
1592 863 1688 937 χωρὶς
1709 853 1746 920 τὸ
1768 849 1803 938 ο,
1835 875 1879 920 sc.
1898 853 1914 921 ὁ
1934 853 2042 939 Ἰλῆος.

119 968 156 1031 ‘0
177 970 212 1033 di·
230 967 373 1051 Ὅμηρος
395 963 455 1030 σῦν
476 961 521 1050 τῴ
543 957 571 1027 ο
592 965 670 1044 λέγει
691 961 750 1028 τάν
769 960 893 1048 Ὀϊλῆα.
941 962 992 1027 Ad
1017 968 1193 1028 extremum
1217 963 1318 1043 λέγειν
1340 960 1471 1026 verbnm
1495 961 1653 1045 significat
1676 961 1789 1041 dicere,
1814 962 1903 1043 toqui,
1928 959 2043 1025 dicendi

120 1072 384 1138 consuetudinem:
425 1070 482 1134 Ar.
512 1077 542 1135 Γ
559 1070 623 1134 206
651 1068 706 1134 σεῦ
733 1067 812 1134 ἕνεκ’
840 1065 994 1155 ἀγγελίης]
1031 1063 1183 1157 deliniri,
1215 1067 1263 1133 ὅτι
1291 1066 1476 1154 Ζηνόδοτος
1510 1067 1624 1154 γράτγει
1657 1069 1735 1152 „ops
1762 1067 1840 1134 ἕνεκ’
1867 1067 2042 1153 (λοῖγγελίιγς.

121 1178 160 1246 ori
183 1182 262 1262 λίγα
287 1180 322 1246 δὲ
345 1176 494 1264 nemag
519 1173 594 1264 ἡμῖν
624 1177 700 1261 ,γῆς
722 1176 778 1260 σῆς
799 1174 945 1256 ἀγγελίας
968 1173 1096 1259 χάρτνλλ,
1120 1173 1191 1238 ἀλλ’
1214 1171 1357 1258 ἀγγελίης
1380 1173 1453 1240 ἀντὶ
1476 1172 1532 1239 τοο
1557 1174 1696 1255 ἄγγελος,
1721 1175 1741 1239 i.
1756 1197 1783 1240 e.
1808 1197 1910 1261 neque
1936 1181 2044 1240 tamen

121 1289 198 1369 loqui
222 1287 318 1366 solet,
355 1285 510 1371 quomodo
541 1303 599 1348 nos
624 1283 772 1359 dieimus3
808 1279 940 1346 Homeri
965 1280 1081 1346 dicendi
1104 1280 1179 1346 ratio
1209 1284 1362 1345 anostra
1385 1280 1518 1345 recedit.
1566 1277 1652 1356 Quae
1677 1302 1747 1347 cum
1771 1283 1817 1348 ita
1839 1283 1920 1365 sint,
1944 1283 2044 1361 λέγειν

123 1395 253 1460 uerbum
276 1393 316 1459 ab
338 1392 521 1457 Aristonico
546 1390 614 1456 solo
638 1395 809 1475 usurpatur
833 1410 936 1475 neque
961 1409 1111 1475 unquam,
1135 1388 1169 1453 id
1194 1387 1276 1473 quod
1302 1385 1453 1452 facillime
1479 1408 1519 1452 ex
1541 1387 1630 1454 verbi
1654 1410 1748 1457 sensu
1774 1391 1919 1456 conicere
1942 1389 2041 1468 solea,

120 1503 159 1567 ‹le
176 1500 365 1568 lectionibus
389 1500 477 1565 varie
495 1499 623 1564 traditis
641 1497 819 1563 adhibetur.
838 1533 879 1542 -
903 1495 983 1561 ltem
1007 1494 1065 1581 ud
1076 1519 1146 1561 ναι
1170 1495 1267 1561 verbo
1284 1493 1437 1559 lectiones
1461 1495 1567 1560 uarias
1590 1494 1699 1564 att'erri
1717 1500 1840 1565 credas.
1881 1497 2042 1583 Scriptum

122 1609 206 1674 enim
231 1606 365 1691 legimus
394 1606 479 1691 apud
503 1604 674 1690 Didymum
696 1613 731 1671 A
751 1605 817 1669 519
844 1602 1057 1685 Ἀρίσταρχος
1082 1599 1120 1666 eri
1140 1600 1224 1689 Ἥρη
1250 1601 1321 1668 κατ’
1339 1600 1474 1669 εὐθεῖάν
1496 1623 1610 1689 φησιν,
1637 1603 1675 1669 ori
1697 1604 1783 1670 κατά
1807 1601 1937 1688 δοτικὴν
1959 1604 2041 1669 κτλ..

120 1722 153 1778 A
176 1715 237 1779 381
271 1710 423 1787 §eleuat
450 1731 549 1799 αησιν
575 1712 610 1776 ἐν
637 1709 676 1803 τῇ
703 1713 836 1792 Κυπρία
868 1711 958 1790 „s‘rrei
986 1705 1029 1790 ῥά
1061 1704 1098 1774 νύ
1125 1705 1156 1772 οἱ
1182 1710 1275 1793 τγίλος
1304 1705 1373 1795 ἦεν,
1412 1729 1456 1774 se.
1481 1729 1539 1795 pro
1570 1712 1639 1776 ἐπεί
1666 1707 1758 1794 μάλα
1786 1711 1863 1775 κτλ..
1921 1715 1956 1773 H
1978 1712 2042 1776 144

119 1818 330 1904 Ἀρίσταρχος
358 1819 393 1883 δέ
417 1837 494 1904 epm
515 1827 570 1882 καὶ
593 1815 752 1891 ἀνάστας.
808 1814 1010 1881 Ludniobius
1039 1821 1145 1881 antem
1175 1816 1291 1903 aliique
1321 1820 1482 1899 σίρεσθαι
1509 1817 1639 1882 νοτίοισι]
1670 1817 1941 1903 suppeditandum
1971 1839 2041 1884 esse

119 1926 332 2010 suspicantur,
356 1931 477 1990 utnon
502 1921 607 2007 οάναι
629 1923 739 2003 verbe,
763 1923 820 1988 scd
845 1923 1031 2006 γράιγεσθαι
1055 1923 1106 1990 vel
1130 1927 1290 2007 σίρεσίναι
1314 1923 1493 2009 supplendo
1517 1923 1612 1990 lectio
1636 1924 1725 1989 varia
1750 1924 1928 1990 denotetur.

228 2030 350 2113 Restat,
375 2037 410 2097 ut
426 2032 517 2096 unius
541 2031 628 2096 vocis
650 2031 844 2096 mentionem
869 2030 1033 2112 faciamus,
1058 2034 1228 2095 τιθέναι.
1275 2029 1421 2095 Occurrit
1444 2031 1575 2097 verbum
1599 2031 1684 2117 apud
1708 2031 1894 2096 recentioris
1918 2037 2041 2097 tantum

124 2143 193 2207 aeri
218 2141 471 2224 grunrrnatieum,
496 2139 548 2224 qui
574 2159 636 2202 non
653 2138 802 2204 editionis
825 2138 919 2203 ullius
936 2137 1104 2204 lectionem
1130 2138 1173 2203 ibi
1190 2135 1294 2215 reffert,
1318 2138 1375 2203 sed
1399 2139 1495 2203 ulium
1521 2140 1678 2225 quendam
1703 2138 1893 2223 scriptorem
1915 2159 2041 2205 versum

121 2249 312 2313 homericum
343 2247 532 2313 exeitar'isse
558 2250 795 2311 commemorat:
835 2247 922 2312 286
944 2244 1164 2320 Ἀπολλώνιος
1184 2246 1218 2310 ἐν
1234 2244 1279 2327 τῴ
1301 2251 1374 2327 περὶ
1397 2243 1578 2320 σνντάξαος
1600 2249 1710 2328 τίθησι
1731 2243 1788 2310 τάν
1811 2249 1922 2327 στίχον
1943 2243 2043 2322 οὕτως

120 2357 259 2438 ίχονταγ
292 2354 312 2418 i.
332 2375 358 2418 c..
384 2354 536 2418 excitarit
559 2352 748 2439 Apollonius
778 2352 935 2438 Dyscolus
970 2351 1052 2416 hune
1080 2372 1216 2416 uersum.
1272 2350 1437 2435 Apollonii
1466 2372 1576 2415 remus
1605 2350 1740 2415 fornnun
1767 2373 1842 2417 roro
1873 2373 1892 2416 a
1923 2352 2041 2417 codicis

120 2459 224 2526 torma
252 2482 313 2525 non
344 2461 526 2546 discrepare
557 2482 596 2526 cx
619 2461 674 2525 illo
705 2457 804 2534 οὕτως
831 2459 965 2543 ἔχοντα,
998 2479 1061 2523 non
1095 2479 1134 2524 ex
1165 2459 1233 2544 ipso
1258 2460 1368 2540 τίθησι
1395 2457 1556 2522 discimus.
1611 2456 1721 2543 ltaque
1749 2461 1858 2526 variae
1887 2459 2040 2526 lectiones

121 2566 298 2633 afferuntur
320 2568 426 2634 verbis
451 2563 745 2649 ἀναγινώσκειν,
768 2562 940 2650 ponique,
962 2567 1078 2653 ἔχειν,
1108 2560 1207 2632 εἶναι
1231 2563 1339 2646 παρά
1361 2587 1452 2648 τινι,
1476 2569 1684 2649 φέρεσθαι,
1709 2563 1913 2650 εὑρίσκειν,
1937 2567 2040 2632 rarius

120 2675 292 2758 dependam
316 2676 379 2740 alio
403 2680 552 2761 spectant
575 2680 715 2757 κεῖσθαι,
738 2673 900 2755 λέγεσθαι,
924 2673 1033 2756 λέγειν,
1057 2671 1173 2758 (seirat,
1202 2677 1340 2735 τιθέναι.

226 2780 460 2847 Vocabulorum
485 2788 517 2847 et
534 2781 673 2847 locorum
699 2779 835 2846 indicem
860 2778 911 2845 bio
934 2780 996 2845 iam
1019 2779 1164 2846 subicere
1188 2785 1321 2866 propter
1344 2780 1497 2846 minorem
1522 2780 1748 2846 vocabulorum
1771 2786 2041 2867 pertractatorum

119 2909 283 2954 numerum
309 2909 426 2975 operae
451 2888 589 2974 pretium
613 2907 676 2952 non
698 2887 877 2954 uidebatur.
