4320 5574
1032 244 1052 314 a·

934 346 1029 358 ΜΑ-ικκ
1054 347 1115 359 “vn-³
1143 347 1146 352 ¹

79 470 215 538 lectione
243 472 334 538 varia
362 478 416 539 aut
443 470 612 558 probanda
640 476 694 536 aut
723 471 927 557 reprobanda
960 477 992 537 et
1019 479 1049 536 Z
1067 475 1106 536 71
1138 471 1177 536 de
1201 470 1371 537 verborum
1401 470 1678 557 interpretatione.
1731 467 1864 537 Necnon
1894 462 2007 541 eadem

79 581 255 645 invenimus
284 579 358 645 Did.
378 587 407 645 Γ
418 580 482 644 368
504 576 687 661 Ἀμμώνιος
709 579 743 641 ἐν
766 578 812 662 aqi
835 576 917 661 πρός
936 576 1140 662 ’Admonita
1169 574 1394 660 συγγράμματι
1419 575 1535 660 ὁμοίως
1556 569 1647 660 εἶχεν,
1671 597 1715 642 sc..
1738 577 1808 644 odd
1829 579 2004 665 ἐδάμασσα

80 708 138 774 pro
162 691 269 752 textus
295 685 354 751 οόδ
374 683 493 766 ἔβαλόν
513 706 571 765 μιν
578 707 589 763 ,·
621 683 723 746 simm.
741 690 774 747 A
791 684 866 764 524,
891 687 920 745 Γ
932 683 1008 765 406,
1033 689 1072 748 Μ
1086 683 1170 762 435;
1205 682 1320 747 deinde
1342 690 1379 748 ’Λ
1396 683 1436 746 97
1462 682 1559 759 λέξεις
1578 685 1612 747 ἐκ
1632 686 1698 750 τῶν
1720 684 1804 770 πρός
1825 683 2003 770 Κωμανόν·

80 793 117 859 τό
145 797 206 878 μὲν
234 793 343 857 αἐικέα
372 788 481 870 λοιγόν
510 787 851 874 όλείιρονζόπεοιιιόια
881 788 971 868 λέγει.
1025 787 1186 854 Habemus
1217 789 1313 871 igitur
1343 789 1440 854 etiam
1464 789 1512 854 bis
1536 789 1614 853 locis
1648 796 1680 855 et
1710 793 1788 857 artis
1813 792 1941 858 criticae
1971 797 2003 858 et

82 898 357 986 interpretationis
381 896 539 982 exempla.
589 894 657 972 Qua
673 896 706 959 in
723 916 756 960 re
774 895 888 959 mirum
906 901 964 975 est,
990 895 1075 980 quod
1094 894 1248 980 Didymus
1272 894 1454 960 libellorum
1475 895 1602 960 illorum
1624 917 1688 961 non
1704 898 1832 984 saepius
1848 898 2004 964 rationem

82 1006 203 1071 habuit.
251 1004 324 1070 ldeo
348 1004 383 1068 id
406 1003 525 1068 factum
550 1024 618 1068 esse
645 1000 796 1067 Lmlwich
814 1000 836 1083 l,
850 1003 892 1066 23
919 1002 1005 1081 dicit,
1031 1003 1106 1087 quia
1122 1002 1224 1067 rarius
1252 998 1294 1066 τά
1311 998 1546 1084 συγγράμματα
1570 1002 1794 1088 praebuissent
1817 1003 1922 1070 locum
1946 1006 2003 1071 ad-

84 1114 284 1178 notationum
309 1112 506 1191 criticorum,
538 1109 650 1195 quibus
677 1109 886 1192 congerendis
910 1109 1082 1174 maximam
1106 1107 1261 1193 Didymus
1293 1126 1424 1192 operam
1448 1106 1554 1187 dedit,
1584 1129 1678 1194 quam
1702 1109 2006 1196 quaestionumf’suo

84 1221 195 1284 ordine
220 1219 515 1296 detractarularum,
541 1237 673 1301 quarum
695 1217 849 1281 minorem
875 1236 984 1280 curam
1005 1215 1126 1281 habuit.
1172 1214 1235 1279 Sed
1260 1214 1356 1300 quid?
1381 1215 1466 1298 quod
1482 1235 1546 1279 nna
1562 1217 1707 1301 quaestio
1731 1214 1779 1302 (A
1797 1219 1860 1282 166
1877 1225 1910 1284 et
1929 1218 2007 1304 807)

83 1350 117 1392 re
142 1346 219 1392 vcra
242 1325 280 1391 ab
307 1331 375 1389 arte
401 1325 512 1389 critica
541 1330 572 1387 et
596 1324 805 1405 granunat-ica
839 1322 945 1387 aliena
969 1344 1038 1388 esse
1064 1324 1208 1388 videtur?
1254 1320 1367 1385 Nonne
1393 1342 1434 1386 ex
1459 1323 1573 1387 ceteris
1599 1343 1722 1409 quoque
1751 1324 1869 1390 libellis
1893 1323 2006 1410 (1349

84 1440 116 1499 et
138 1442 168 1500 Z
184 1432 233 1519 7),
271 1453 401 1518 qrrorum
432 1432 553 1496 iudices
588 1431 630 1495 ad
660 1436 801 1494 nostram
831 1434 971 1495 aetatem
1003 1434 1229 1516 pervenerunt,
1262 1428 1417 1493 lectiones
1458 1434 1488 1493 et
1518 1430 1799 1514 interpretationes
1834 1434 2005 1499 memoriae

83 1543 275 1606 traduntur?
322 1537 425 1615 Quid?
456 1539 482 1602 si
500 1539 638 1623 reliquos
663 1537 838 1624 permultos
864 1537 1001 1603 attulero
1025 1537 1172 1604 libellos?
1201 1537 1228 1600 si
1245 1534 1449 1615 scholiorum,
1475 1535 1588 1621 quibus
1614 1537 1794 1602 excitantur
1818 1538 1919 1605 libelli
1944 1541 2003 1622 illi,

85 1652 287 1730 argumenta,
317 1647 344 1710 si
367 1647 509 1731 ipsorum
538 1644 718 1710 libellorum
747 1644 973 1729 inscriptiones
998 1646 1088 1730 quasi
1111 1645 1235 1710 feroces
1272 1664 1308 1710 ac
1332 1642 1503 1708 bellicosas
1534 1644 1741 1729 respicimus?
1789 1645 1877 1713 Haec
1901 1651 2008 1714 omnia

86 1756 201 1819 iterum
227 1774 264 1819 ac
288 1753 417 1818 tertium
440 1773 564 1817 mecum
593 1752 756 1837 reputanti
785 1751 820 1813 id
843 1751 948 1834 potius
974 1751 1156 1817 interfuisse
1181 1751 1257 1815 mihi
1281 1750 1450 1816 videbatur
1474 1750 1558 1815 inter
1581 1750 1724 1831 libellos,
1758 1753 2006 1839 συγγράμματα,

85 1866 117 1925 et
141 1860 394 1939 commentarios
433 1856 668 1943 ὑπομνήματα,
705 1860 740 1920 ιιι
769 1855 871 1920 miuus
902 1856 973 1941 ipsa
1001 1878 1052 1935 re,
1089 1878 1183 1942 quam
1212 1857 1445 1942 perscriptione
1481 1876 1518 1921 ac
1547 1856 1707 1922 scribendi
1741 1877 1828 1923 more
1862 1859 1946 1924 iuter
1973 1881 2007 1925 se

86 1964 263 2031 differrent.
310 1964 345 2029 ln
368 1971 502 2051 utroque
535 1964 689 2029 librorum
721 1983 837 2045 genere
863 1983 912 2028 res
937 1963 1066 2028 criticae
1092 1970 1123 2028 et
1147 1964 1373 2047 grammaticae
1403 1968 1621 2049 pertractatae
1645 1969 1733 2044 suut,
1763 1967 1858 2051 atque
1883 1966 1944 2047 ita,
1974 1973 2009 2031 ut

85 2073 119 2137 in
150 2073 397 2152 commentariis,
431 2068 656 2155 cinopmipam,
680 2070 801 2155 passim
829 2070 930 2152 magis
956 2074 987 2135 et
1015 2071 1119 2136 soluta
1147 2071 1291 2135 oratione
1321 2069 1454 2153 siugulis
1486 2070 1629 2136 versibus
1659 2071 1857 2137 occasionem
1882 2074 2008 2139 demum

87 2180 315 2266 praebentibus
340 2179 515 2244 sententias
539 2198 613 2242 suas
638 2178 677 2243 de
703 2177 941 2264 quaestionibus
969 2177 1137 2242 homericis
1162 2176 1393 2257 adscriberent,
1418 2181 1529 2242 contra
1552 2177 1585 2241 iu
1608 2177 1745 2259 libellis,
1769 2176 2008 2262 συγγράμμασι,

88 2287 238 2352 continua
262 2286 406 2351 oratione
437 2285 599 2349 doctrinas
622 2306 696 2350 suas
722 2289 920 2370 exponerent
951 2290 983 2351 et
1006 2285 1133 2370 saepius
1157 2284 1250 2348 simul
1275 2284 1542 2368 aggrederentur,
1575 2284 1629 2370 qui
1652 2283 1716 2349 illis
1741 2289 2007 2370 repugnaverant.

87 2392 225 2460 Facilius
255 2394 352 2476 igitur
375 2391 529 2478 Didymus
559 2393 811 2472 commentariis,
841 2412 936 2479 quam
958 2392 1076 2458 libellis
1101 2392 1165 2457 illis
1188 2395 1233 2457 uti
1256 2397 1401 2478 poterat,
1427 2391 1503 2476 quia
1527 2396 1559 2455 et
1582 2391 1652 2476 ipse
1675 2392 1725 2456 vir
1750 2392 1952 2457 doctissimus
1976 2398 2009 2457 et

88 2500 306 2566 commentarii
331 2498 464 2564 Homeri
491 2519 639 2564 versuum
669 2500 814 2564 ordinem
847 2499 1133 2585 subsequebantrrr3
1163 2521 1265 2585 neque
1295 2499 1473 2565 sententiae
1502 2503 1630 2562 nostrae
1663 2497 1783 2580 obstat,
1815 2499 1900 2584 quod
1931 2519 2009 2563 non-

87 2608 183 2673 nullis
207 2607 334 2672 illorum
357 2606 475 2672 libellis
501 2607 540 2672 de
564 2607 704 2692 propriis
729 2607 978 2692 quaestiouibus,
1002 2606 1088 2671 velut
1112 2607 1151 2672 de
1175 2607 1290 2672 castris
1315 2605 1481 2689 agebatur.
2058 2682 2061 2686 ι

247 2712 489 2779 Praetereamus
526 2734 608 2778 nunc
643 2713 705 2778 duo
742 2713 894 2778 librorum
923 2735 1042 2796 genera
1077 2735 1117 2779 ex
1146 2713 1259 2779 cadem
1296 2712 1454 2777 industria
1490 2711 1699 2794 grammatica
1735 2711 1892 2797 profecta,
1929 2731 2009 2797 quac

88 2821 230 2902 γλῶσσαι
254 2825 286 2886 et
309 2819 444 2905 λέξειςῑ)
467 2826 631 2886 vocantur.
680 2820 727 2885 De
752 2819 799 2885 bis
824 2821 909 2886 enim
939 2821 1117 2886 accuratius
1145 2841 1241 2904 agere
1271 2819 1471 2905 propositum
1495 2823 1558 2899 est,
1593 2818 1647 2883 ubi
1671 2819 1710 2884 de
1734 2818 1900 2884 vobabulis
1931 2819 2009 2883 artis

89 2926 324 3011 interpretandi
348 2928 489 3013 propriis
515 2927 718 3009 disseremus,
743 2948 813 2992 cum
837 2928 938 3011 magis
963 2946 999 2993 eo
1024 2933 1171 3013 spectent
1192 2926 1349 2993 vocabula
1371 2924 1437 3007 illa,
1463 2945 1558 3010 quam
1582 2925 1623 2990 ad
1640 2929 1740 2991 artem
1766 2927 1919 2991 criticam.

1021 3248 1081 3316 11.

250 3426 455 3494 Inveniuntur
485 3427 580 3492 etiam
611 3428 643 3491 in
673 3426 801 3492 scholiis
834 3428 951 3492 nostris
976 3426 1145 3507 vocabula,
1176 3426 1289 3512 quibus
1319 3446 1382 3492 non
1406 3424 1551 3509 singulae
1578 3424 1751 3491 carminum
1779 3423 2011 3491 homericarum

91 3532 257 3615 editiones
283 3541 338 3601 aut
356 3534 473 3618 singuli
497 3535 637 3597 virorum
663 3534 826 3598 doctorum
851 3534 952 3600 libelli
976 3535 1179 3617 denotantur,
1203 3536 1310 3602 sedin
1327 3535 1509 3601 universum
1533 3538 1602 3599 tota
1626 3534 1716 3620 quasi
1740 3534 1869 3600 illorum
1892 3554 2012 3619 genera

91 3647 123 3707 et
147 3663 259 3725 greges
289 3642 462 3726 significari
491 3642 608 3707 solent:
640 3641 788 3728 χρῆσις,
820 3639 1058 3726 παράδοσις,
1085 3639 1285 3727 συνήθεια.
1332 3641 1511 3710 Provocant
1540 3642 1624 3708 enim
1652 3643 1780 3729 saepius
1813 3641 2011 3726 grammatici

92 3749 134 3814 ad
158 3748 225 3830 bas,
250 3755 284 3814 ut
308 3751 353 3815 ita
378 3751 492 3831 dicam,
518 3751 737 3830 auctoritates,
763 3749 997 3835 qualescunque
1020 3754 1105 3831 sunt,
1129 3754 1164 3814 ut
1188 3770 1225 3815 eo
1249 3771 1283 3816 se
1309 3750 1485 3831 conterant,
1511 3756 1564 3815 aut
1587 3750 1662 3815 inde
1686 3750 1851 3816 recedant.
1901 3747 2011 3832 ltaque

91 3856 309 3940 quaerendum
334 3860 393 3934 cst,
418 3860 450 3919 et
474 3856 550 3941 qiud
573 3857 634 3922 sibi
659 3856 758 3922 velint
780 3854 936 3920 vocabula
960 3854 1017 3920 illa
1042 3861 1075 3921 et
1099 3858 1309 3941 quantumin
1333 3863 1476 3922 nostrum
1501 3856 1652 3920 iudicium
1675 3856 1782 3920 valere
1806 3853 1940 3938 possint.

252 3962 300 4027 Ac
323 3962 477 4046 scriptum
500 3961 633 4046 legimus
658 3963 697 4027 dc
721 3961 915 4047 χρήσεως
942 3965 974 4024 et
996 3956 1291 4044 παραδόσεως
1319 3961 1537 4048 discrepantia
1560 3959 1698 4046 Etymol.
1721 3957 1828 4042 Magn.
1851 3957 1926 4036 815,
1956 3957 2009 4020 17:

92 4068 263 4152 χρῆσιςε
301 4070 448 4152 διαφέρει
480 4067 515 4132 δὲ
548 4065 782 4151 παραδόσεως·
813 4066 924 4148 χρῆσις
955 4069 1015 4147 μὲν
1038 4063 1099 4150 γάρ
1127 4066 1250 4145 λέγεται
1285 4065 1303 4150 ἦ
1330 4067 1395 4131 τῶν
1428 4064 1573 4149 άρχαόων
1608 4062 1801 4147 ποιημάτων
1837 4066 2012 4145 μαρτυρία,

91 4171 279 4258 παράδοσις
312 4176 347 4240 δὲ
379 4172 395 4259 'l
424 4175 489 4237 cciv
523 4169 771 4254 γραμματικῶν·
808 4168 878 4235 οἷον
904 4168 946 4234 τά
973 4174 1034 4253 μὲν
1064 4167 1206 4256 Ὁμήρου
1239 4171 1384 4236 καλεῖται
1418 4173 1543 4254 χρῆσις,
1576 4165 1620 4233 τά
1646 4169 1682 4233 δὲ
1709 4163 1923 4251 Ἀριστάρχοιι
1956 4168 2013 4231 τοῦ

93 4281 320 4362 γραμματικοῦ
343 4276 539 4362 παράδοσις.
586 4273 726 4351 Quocum
743 4276 822 4341 facit
840 4276 1028 4362 Apollonius
1046 4277 1216 4362 Dyscolus:
1242 4287 1316 4362 περὶ
1332 4277 1515 4352 συντάξεως
1536 4274 1560 4354 Ι,
1576 4275 1617 4339 10
1640 4270 1797 4357 (Bekkeri
1814 4271 2012 4358 eumpse),

94 4383 148 4469 qui
178 4382 393 4467 παραδόσεως
426 4403 495 4448 esse
528 4383 606 4448 dicit
635 4384 810 4448 carminum
839 4388 960 4449 textum
988 4405 1127 4471 purgare
1165 4390 1198 4451 et
1226 4384 1336 4450 critice
1367 4402 1569 4468 percensere.
1615 4380 1760 4465 Denique
1791 4378 1838 4444 La
1860 4377 2011 4445 ltocbius:

92 4485 273 4575 mamertinis
302 4487 456 4571 ἶεγιιτίιίι
489 4509 522 4574 p.
548 4489 611 4554 118
646 4510 735 4576 seqq.
772 4490 998 4556 vocabulorum
1035 4493 1285 4578 discrepantiam
1318 4488 1366 4554 bis
1401 4487 1505 4554 verbis
1543 4487 1727 4554 adumbrat:
1769 4488 1882 4569 χρῆσις
1910 4482 2012 4572 (usus)

94 4592 128 4677 iit
150 4591 195 4660 bie
218 4590 335 4678 attiae,
360 4592 559 4681 gemilbulidnc,
587 4594 774 4681 παράδοσις
795 4593 840 4663 bie
863 4594 989 4684 richtige,
1014 4595 1187 4685 bcgriinbctc
1210 4593 1428 4682 eaecitatem.
1476 4592 1610 4676 tbielctbe
1633 4592 1809 4678 aetenam
1831 4590 1886 4659 mic
1906 4595 2014 4677 χρῆσις

93 4698 144 4786 hot
167 4698 235 4784 oud)
259 4700 420 4787 συνήθεια
445 4701 512 4769 obet
536 4700 572 4769 τό
594 4701 743 4788 σόνγδες.
770 4739 811 4748 -
839 4702 965 4769 Codicis
989 4704 1105 4771 Veneti
1128 4712 1163 4771 A
1186 4703 1315 4770 scholiis
1339 4702 1468 4769 minime
1492 4701 1539 4768 La
1554 4701 1665 4768 Rocbii
1691 4702 1833 4767 firmatur
1857 4698 2014 4777 doctrina,

95 4808 150 4895 qui
173 4829 212 4874 ne
236 4807 306 4893 ipse
332 4809 460 4895 quidem
483 4811 676 4877 sententiam
699 4831 789 4877 suam
813 4810 971 4898 exemplis
995 4813 1073 4879 satis
1097 4812 1242 4879 stabilire
1267 4815 1386 4897 potest.
1426 4808 1535 4894 Pergit
1559 4810 1643 4876 enim
1666 4808 1775 4895 paullo
1800 4807 1885 4873 infra
1908 4803 2014 4871 allatis

260 5020 278 5092 ¹)
303 5023 343 5076 De
362 5026 452 5084 λέξαις
470 5038 533 5079 voce
551 5023 611 5079 vide
633 5023 670 5081 sis
688 5039 757 5094 quae
776 5022 886 5095 exposui
904 5022 933 5080 in
951 5023 1151 5080 dissertationis
1169 5039 1244 5081 meae
1262 5039 1326 5094 pag.
1341 5024 1382 5078 10.
1401 5037 1482 5092 seqq..
